@article{hart,
    author = "Hart, Peter E.",
    title = "The Condensed Nearest Neighbor Rule",
    journaltitle = "IEEE Transactions on Information Theory",
    year = "1968",
    month = "May",
    volume = "14",
    number = "3",
    pages = "515--516"
}

@article{angiulli,
    author = "Angiulli, Fabrizio",
    title = "Fast Nearest Neighbor Condensation for Large Data Sets Classification",
    journaltitle = "IEEE Transactions on Knowledge and Data Engineering",
    year = "2007",
    month = "November",
    volume = "19",
    number = "11",
    pages = "1450--1464"
}

@article{ps-taxonomy,
    author = "Garcia, Salvador and Derrac, Joaquin and Cano, Jose Ramon and Herrera, Francisco",
    title = "Prototype Selection for Nearest Neighbor Classification: Taxonomy and Empirical Study",
    journaltitle = "IEEE Transactions on Pattern Analysis and Machine Intelligence",
    year = "2012",
    month = "March",
    volume = "34",
    number = "4",
    pages = "417--435"
}

@misc{scikit-protopy,
    author = "Victor, Dayvid",
    title = "Prototype selection and generation toolbox",
    url = "https://github.com/dvro/scikit-protopy"
}

